%YAML 1.1
%TAG !u! tag:unity3d.com,2011:
--- !u!1 &3310051469470860306
GameObject:
  m_ObjectHideFlags: 0
  m_CorrespondingSourceObject: {fileID: 0}
  m_PrefabInstance: {fileID: 0}
  m_PrefabAsset: {fileID: 0}
  serializedVersion: 6
  m_Component:
  - component: {fileID: 3310051469470860307}
  m_Layer: 0
  m_Name: Decals
  m_TagString: Untagged
  m_Icon: {fileID: 0}
  m_NavMeshLayer: 0
  m_StaticEditorFlags: 4294967295
  m_IsActive: 1
--- !u!4 &3310051469470860307
Transform:
  m_ObjectHideFlags: 0
  m_CorrespondingSourceObject: {fileID: 0}
  m_PrefabInstance: {fileID: 0}
  m_PrefabAsset: {fileID: 0}
  m_GameObject: {fileID: 3310051469470860306}
  m_LocalRotation: {x: 0, y: 0, z: 0, w: 1}
  m_LocalPosition: {x: 0, y: 0, z: 0}
  m_LocalScale: {x: 1, y: 1, z: 1}
  m_Children:
  - {fileID: 3314463490077075335}
  - {fileID: 3314463490240989911}
  m_Father: {fileID: 3314554194629192051}
  m_RootOrder: 1
  m_LocalEulerAnglesHint: {x: 0, y: 0, z: 0}
--- !u!1 &3310051469559843843
GameObject:
  m_ObjectHideFlags: 0
  m_CorrespondingSourceObject: {fileID: 0}
  m_PrefabInstance: {fileID: 0}
  m_PrefabAsset: {fileID: 0}
  serializedVersion: 6
  m_Component:
  - component: {fileID: 3310051469559843852}
  m_Layer: 0
  m_Name: Details
  m_TagString: Untagged
  m_Icon: {fileID: 0}
  m_NavMeshLayer: 0
  m_StaticEditorFlags: 4294967295
  m_IsActive: 1
--- !u!4 &3310051469559843852
Transform:
  m_ObjectHideFlags: 0
  m_CorrespondingSourceObject: {fileID: 0}
  m_PrefabInstance: {fileID: 0}
  m_PrefabAsset: {fileID: 0}
  m_GameObject: {fileID: 3310051469559843843}
  m_LocalRotation: {x: 0, y: 0, z: 0, w: 1}
  m_LocalPosition: {x: 0, y: 0, z: 0}
  m_LocalScale: {x: 1, y: 1, z: 1}
  m_Children:
  - {fileID: 3314363734196301376}
  - {fileID: 3314363734483434881}
  - {fileID: 3314555756152327028}
  - {fileID: 3314555757064798792}
  - {fileID: 3314553101684871397}
  - {fileID: 3314553101700980850}
  - {fileID: 3314553101520872468}
  - {fileID: 3314553103067484661}
  - {fileID: 3314553102881167663}
  - {fileID: 3314553102572949251}
  m_Father: {fileID: 3310051470226903145}
  m_RootOrder: 1
  m_LocalEulerAnglesHint: {x: 0, y: 0, z: 0}
--- !u!1 &3310051470226903144
GameObject:
  m_ObjectHideFlags: 0
  m_CorrespondingSourceObject: {fileID: 0}
  m_PrefabInstance: {fileID: 0}
  m_PrefabAsset: {fileID: 0}
  serializedVersion: 6
  m_Component:
  - component: {fileID: 3310051470226903145}
  m_Layer: 0
  m_Name: Block_10_Assembly (1)
  m_TagString: Untagged
  m_Icon: {fileID: 0}
  m_NavMeshLayer: 0
  m_StaticEditorFlags: 4294967295
  m_IsActive: 1
--- !u!4 &3310051470226903145
Transform:
  m_ObjectHideFlags: 0
  m_CorrespondingSourceObject: {fileID: 0}
  m_PrefabInstance: {fileID: 0}
  m_PrefabAsset: {fileID: 0}
  m_GameObject: {fileID: 3310051470226903144}
  m_LocalRotation: {x: 0.000000015454312, y: -0.70710677, z: -0.00000001545431, w: 0.7071068}
  m_LocalPosition: {x: 26, y: -3.6, z: 45}
  m_LocalScale: {x: 0.5, y: 0.5, z: 0.5}
  m_Children:
  - {fileID: 3314554194629192051}
  - {fileID: 3310051469559843852}
  m_Father: {fileID: 0}
  m_RootOrder: 0
  m_LocalEulerAnglesHint: {x: 0, y: -90.00001, z: 0}
--- !u!1001 &3310051468920521209
PrefabInstance:
  m_ObjectHideFlags: 0
  serializedVersion: 2
  m_Modification:
    m_TransformParent: {fileID: 3314363734196301376}
    m_Modifications:
    - target: {fileID: 1315516300902350, guid: 7e9a87b6cd34f204cba63c97a15d0d4e, type: 3}
      propertyPath: m_StaticEditorFlags
      value: 4294967295
      objectReference: {fileID: 0}
    - target: {fileID: 4540591517898940, guid: 7e9a87b6cd34f204cba63c97a15d0d4e, type: 3}
      propertyPath: m_LocalPosition.x
      value: 0
      objectReference: {fileID: 0}
    - target: {fileID: 4540591517898940, guid: 7e9a87b6cd34f204cba63c97a15d0d4e, type: 3}
      propertyPath: m_LocalPosition.y
      value: 4
      objectReference: {fileID: 0}
    - target: {fileID: 4540591517898940, guid: 7e9a87b6cd34f204cba63c97a15d0d4e, type: 3}
      propertyPath: m_LocalPosition.z
      value: -0
      objectReference: {fileID: 0}
    - target: {fileID: 4540591517898940, guid: 7e9a87b6cd34f204cba63c97a15d0d4e, type: 3}
      propertyPath: m_LocalRotation.x
      value: -8.881784e-15
      objectReference: {fileID: 0}
    - target: {fileID: 4540591517898940, guid: 7e9a87b6cd34f204cba63c97a15d0d4e, type: 3}
      propertyPath: m_LocalRotation.y
      value: 0.30142426
      objectReference: {fileID: 0}
    - target: {fileID: 4540591517898940, guid: 7e9a87b6cd34f204cba63c97a15d0d4e, type: 3}
      propertyPath: m_LocalRotation.z
      value: -0.000000013175665
      objectReference: {fileID: 0}
    - target: {fileID: 4540591517898940, guid: 7e9a87b6cd34f204cba63c97a15d0d4e, type: 3}
      propertyPath: m_LocalRotation.w
      value: 0.9534902
      objectReference: {fileID: 0}
    - target: {fileID: 4540591517898940, guid: 7e9a87b6cd34f204cba63c97a15d0d4e, type: 3}
      propertyPath: m_RootOrder
      value: 6
      objectReference: {fileID: 0}
    - target: {fileID: 4540591517898940, guid: 7e9a87b6cd34f204cba63c97a15d0d4e, type: 3}
      propertyPath: m_LocalEulerAnglesHint.y
      value: 35.086002
      objectReference: {fileID: 0}
    - target: {fileID: 1427149479105418, guid: 7e9a87b6cd34f204cba63c97a15d0d4e, type: 3}
      propertyPath: m_StaticEditorFlags
      value: 4294967295
      objectReference: {fileID: 0}
    - target: {fileID: 1240993572185014, guid: 7e9a87b6cd34f204cba63c97a15d0d4e, type: 3}
      propertyPath: m_StaticEditorFlags
      value: 4294967295
      objectReference: {fileID: 0}
    - target: {fileID: 1841998121318682, guid: 7e9a87b6cd34f204cba63c97a15d0d4e, type: 3}
      propertyPath: m_StaticEditorFlags
      value: 4294967295
      objectReference: {fileID: 0}
    - target: {fileID: 1984857658012576, guid: 7e9a87b6cd34f204cba63c97a15d0d4e, type: 3}
      propertyPath: m_StaticEditorFlags
      value: 4294967295
      objectReference: {fileID: 0}
    m_RemovedComponents: []
  m_SourcePrefab: {fileID: 100100000, guid: 7e9a87b6cd34f204cba63c97a15d0d4e, type: 3}
--- !u!1001 &3310051469310387406
PrefabInstance:
  m_ObjectHideFlags: 0
  serializedVersion: 2
  m_Modification:
    m_TransformParent: {fileID: 3310051469559843852}
    m_Modifications:
    - target: {fileID: 1703752202082952, guid: a9e6125ff77949848bea0437e94ab581, type: 3}
      propertyPath: m_Name
      value: Detail_04 (2)
      objectReference: {fileID: 0}
    - target: {fileID: 1703752202082952, guid: a9e6125ff77949848bea0437e94ab581, type: 3}
      propertyPath: m_StaticEditorFlags
      value: 4294967295
      objectReference: {fileID: 0}
    - target: {fileID: 4506048527548634, guid: a9e6125ff77949848bea0437e94ab581, type: 3}
      propertyPath: m_LocalPosition.x
      value: -17
      objectReference: {fileID: 0}
    - target: {fileID: 4506048527548634, guid: a9e6125ff77949848bea0437e94ab581, type: 3}
      propertyPath: m_LocalPosition.y
      value: 16
      objectReference: {fileID: 0}
    - target: {fileID: 4506048527548634, guid: a9e6125ff77949848bea0437e94ab581, type: 3}
      propertyPath: m_LocalPosition.z
      value: 4.9999995
      objectReference: {fileID: 0}
    - target: {fileID: 4506048527548634, guid: a9e6125ff77949848bea0437e94ab581, type: 3}
      propertyPath: m_LocalRotation.x
      value: -0
      objectReference: {fileID: 0}
    - target: {fileID: 4506048527548634, guid: a9e6125ff77949848bea0437e94ab581, type: 3}
      propertyPath: m_LocalRotation.y
      value: 0.7071068
      objectReference: {fileID: 0}
    - target: {fileID: 4506048527548634, guid: a9e6125ff77949848bea0437e94ab581, type: 3}
      propertyPath: m_LocalRotation.z
      value: -0
      objectReference: {fileID: 0}
    - target: {fileID: 4506048527548634, guid: a9e6125ff77949848bea0437e94ab581, type: 3}
      propertyPath: m_LocalRotation.w
      value: 0.7071068
      objectReference: {fileID: 0}
    - target: {fileID: 4506048527548634, guid: a9e6125ff77949848bea0437e94ab581, type: 3}
      propertyPath: m_RootOrder
      value: 6
      objectReference: {fileID: 0}
    - target: {fileID: 4506048527548634, guid: a9e6125ff77949848bea0437e94ab581, type: 3}
      propertyPath: m_LocalEulerAnglesHint.y
      value: 90
      objectReference: {fileID: 0}
    - target: {fileID: 4506048527548634, guid: a9e6125ff77949848bea0437e94ab581, type: 3}
      propertyPath: m_LocalEulerAnglesHint.z
      value: 0
      objectReference: {fileID: 0}
    - target: {fileID: 4506048527548634, guid: a9e6125ff77949848bea0437e94ab581, type: 3}
      propertyPath: m_LocalScale.x
      value: 2.600001
      objectReference: {fileID: 0}
    - target: {fileID: 4506048527548634, guid: a9e6125ff77949848bea0437e94ab581, type: 3}
      propertyPath: m_LocalScale.z
      value: 2.6000025
      objectReference: {fileID: 0}
    - target: {fileID: 4506048527548634, guid: a9e6125ff77949848bea0437e94ab581, type: 3}
      propertyPath: m_LocalScale.y
      value: 2.6
      objectReference: {fileID: 0}
    - target: {fileID: 1526794959960752, guid: a9e6125ff77949848bea0437e94ab581, type: 3}
      propertyPath: m_StaticEditorFlags
      value: 4294967295
      objectReference: {fileID: 0}
    - target: {fileID: 1519512815605456, guid: a9e6125ff77949848bea0437e94ab581, type: 3}
      propertyPath: m_StaticEditorFlags
      value: 4294967295
      objectReference: {fileID: 0}
    - target: {fileID: 1676829797694692, guid: a9e6125ff77949848bea0437e94ab581, type: 3}
      propertyPath: m_StaticEditorFlags
      value: 4294967295
      objectReference: {fileID: 0}
    m_RemovedComponents: []
  m_SourcePrefab: {fileID: 100100000, guid: a9e6125ff77949848bea0437e94ab581, type: 3}
--- !u!4 &3314553101520872468 stripped
Transform:
  m_CorrespondingSourceObject: {fileID: 4506048527548634, guid: a9e6125ff77949848bea0437e94ab581,
    type: 3}
  m_PrefabInstance: {fileID: 3310051469310387406}
  m_PrefabAsset: {fileID: 0}
--- !u!1001 &3310051469350578189
PrefabInstance:
  m_ObjectHideFlags: 0
  serializedVersion: 2
  m_Modification:
    m_TransformParent: {fileID: 3310051469470860307}
    m_Modifications:
    - target: {fileID: 1655198023408618, guid: acd6f5dfe8d46a94f8dde4823ff8541f, type: 3}
      propertyPath: m_StaticEditorFlags
      value: 4294967295
      objectReference: {fileID: 0}
    - target: {fileID: 4781492096798602, guid: acd6f5dfe8d46a94f8dde4823ff8541f, type: 3}
      propertyPath: m_LocalPosition.x
      value: -8.5
      objectReference: {fileID: 0}
    - target: {fileID: 4781492096798602, guid: acd6f5dfe8d46a94f8dde4823ff8541f, type: 3}
      propertyPath: m_LocalPosition.y
      value: 16.05
      objectReference: {fileID: 0}
    - target: {fileID: 4781492096798602, guid: acd6f5dfe8d46a94f8dde4823ff8541f, type: 3}
      propertyPath: m_LocalPosition.z
      value: -0
      objectReference: {fileID: 0}
    - target: {fileID: 4781492096798602, guid: acd6f5dfe8d46a94f8dde4823ff8541f, type: 3}
      propertyPath: m_LocalRotation.x
      value: 0
      objectReference: {fileID: 0}
    - target: {fileID: 4781492096798602, guid: acd6f5dfe8d46a94f8dde4823ff8541f, type: 3}
      propertyPath: m_LocalRotation.y
      value: 0
      objectReference: {fileID: 0}
    - target: {fileID: 4781492096798602, guid: acd6f5dfe8d46a94f8dde4823ff8541f, type: 3}
      propertyPath: m_LocalRotation.z
      value: 0
      objectReference: {fileID: 0}
    - target: {fileID: 4781492096798602, guid: acd6f5dfe8d46a94f8dde4823ff8541f, type: 3}
      propertyPath: m_LocalRotation.w
      value: 1
      objectReference: {fileID: 0}
    - target: {fileID: 4781492096798602, guid: acd6f5dfe8d46a94f8dde4823ff8541f, type: 3}
      propertyPath: m_RootOrder
      value: 0
      objectReference: {fileID: 0}
    - target: {fileID: 4781492096798602, guid: acd6f5dfe8d46a94f8dde4823ff8541f, type: 3}
      propertyPath: m_LocalEulerAnglesHint.y
      value: 0
      objectReference: {fileID: 0}
    - target: {fileID: 4781492096798602, guid: acd6f5dfe8d46a94f8dde4823ff8541f, type: 3}
      propertyPath: m_LocalScale.x
      value: 2.9603553
      objectReference: {fileID: 0}
    - target: {fileID: 4781492096798602, guid: acd6f5dfe8d46a94f8dde4823ff8541f, type: 3}
      propertyPath: m_LocalScale.y
      value: 2.9603555
      objectReference: {fileID: 0}
    - target: {fileID: 4781492096798602, guid: acd6f5dfe8d46a94f8dde4823ff8541f, type: 3}
      propertyPath: m_LocalScale.z
      value: 2.9603555
      objectReference: {fileID: 0}
    m_RemovedComponents: []
  m_SourcePrefab: {fileID: 100100000, guid: acd6f5dfe8d46a94f8dde4823ff8541f, type: 3}
--- !u!4 &3314463490077075335 stripped
Transform:
  m_CorrespondingSourceObject: {fileID: 4781492096798602, guid: acd6f5dfe8d46a94f8dde4823ff8541f,
    type: 3}
  m_PrefabInstance: {fileID: 3310051469350578189}
  m_PrefabAsset: {fileID: 0}
--- !u!1001 &3310051469524059485
PrefabInstance:
  m_ObjectHideFlags: 0
  serializedVersion: 2
  m_Modification:
    m_TransformParent: {fileID: 3310051469470860307}
    m_Modifications:
    - target: {fileID: 1655198023408618, guid: acd6f5dfe8d46a94f8dde4823ff8541f, type: 3}
      propertyPath: m_Name
      value: Decal_Trim_06 (1)
      objectReference: {fileID: 0}
    - target: {fileID: 1655198023408618, guid: acd6f5dfe8d46a94f8dde4823ff8541f, type: 3}
      propertyPath: m_StaticEditorFlags
      value: 4294967295
      objectReference: {fileID: 0}
    - target: {fileID: 4781492096798602, guid: acd6f5dfe8d46a94f8dde4823ff8541f, type: 3}
      propertyPath: m_LocalPosition.x
      value: 14.5
      objectReference: {fileID: 0}
    - target: {fileID: 4781492096798602, guid: acd6f5dfe8d46a94f8dde4823ff8541f, type: 3}
      propertyPath: m_LocalPosition.y
      value: 16.05
      objectReference: {fileID: 0}
    - target: {fileID: 4781492096798602, guid: acd6f5dfe8d46a94f8dde4823ff8541f, type: 3}
      propertyPath: m_LocalPosition.z
      value: -0.00000035187665
      objectReference: {fileID: 0}
    - target: {fileID: 4781492096798602, guid: acd6f5dfe8d46a94f8dde4823ff8541f, type: 3}
      propertyPath: m_LocalRotation.x
      value: -0
      objectReference: {fileID: 0}
    - target: {fileID: 4781492096798602, guid: acd6f5dfe8d46a94f8dde4823ff8541f, type: 3}
      propertyPath: m_LocalRotation.y
      value: -0
      objectReference: {fileID: 0}
    - target: {fileID: 4781492096798602, guid: acd6f5dfe8d46a94f8dde4823ff8541f, type: 3}
      propertyPath: m_LocalRotation.z
      value: -0
      objectReference: {fileID: 0}
    - target: {fileID: 4781492096798602, guid: acd6f5dfe8d46a94f8dde4823ff8541f, type: 3}
      propertyPath: m_LocalRotation.w
      value: 1
      objectReference: {fileID: 0}
    - target: {fileID: 4781492096798602, guid: acd6f5dfe8d46a94f8dde4823ff8541f, type: 3}
      propertyPath: m_RootOrder
      value: 1
      objectReference: {fileID: 0}
    - target: {fileID: 4781492096798602, guid: acd6f5dfe8d46a94f8dde4823ff8541f, type: 3}
      propertyPath: m_LocalEulerAnglesHint.y
      value: 0
      objectReference: {fileID: 0}
    - target: {fileID: 4781492096798602, guid: acd6f5dfe8d46a94f8dde4823ff8541f, type: 3}
      propertyPath: m_LocalScale.x
      value: 2.960355
      objectReference: {fileID: 0}
    - target: {fileID: 4781492096798602, guid: acd6f5dfe8d46a94f8dde4823ff8541f, type: 3}
      propertyPath: m_LocalScale.y
      value: 2.960355
      objectReference: {fileID: 0}
    - target: {fileID: 4781492096798602, guid: acd6f5dfe8d46a94f8dde4823ff8541f, type: 3}
      propertyPath: m_LocalScale.z
      value: 2.960355
      objectReference: {fileID: 0}
    m_RemovedComponents: []
  m_SourcePrefab: {fileID: 100100000, guid: acd6f5dfe8d46a94f8dde4823ff8541f, type: 3}
--- !u!4 &3314463490240989911 stripped
Transform:
  m_CorrespondingSourceObject: {fileID: 4781492096798602, guid: acd6f5dfe8d46a94f8dde4823ff8541f,
    type: 3}
  m_PrefabInstance: {fileID: 3310051469524059485}
  m_PrefabAsset: {fileID: 0}
--- !u!1001 &3310051469668720808
PrefabInstance:
  m_ObjectHideFlags: 0
  serializedVersion: 2
  m_Modification:
    m_TransformParent: {fileID: 3310051469559843852}
    m_Modifications:
    - target: {fileID: 1703752202082952, guid: a9e6125ff77949848bea0437e94ab581, type: 3}
      propertyPath: m_Name
      value: Detail_04 (1)
      objectReference: {fileID: 0}
    - target: {fileID: 1703752202082952, guid: a9e6125ff77949848bea0437e94ab581, type: 3}
      propertyPath: m_StaticEditorFlags
      value: 4294967295
      objectReference: {fileID: 0}
    - target: {fileID: 4506048527548634, guid: a9e6125ff77949848bea0437e94ab581, type: 3}
      propertyPath: m_LocalPosition.x
      value: -17
      objectReference: {fileID: 0}
    - target: {fileID: 4506048527548634, guid: a9e6125ff77949848bea0437e94ab581, type: 3}
      propertyPath: m_LocalPosition.y
      value: 16
      objectReference: {fileID: 0}
    - target: {fileID: 4506048527548634, guid: a9e6125ff77949848bea0437e94ab581, type: 3}
      propertyPath: m_LocalPosition.z
      value: -0.0000006993822
      objectReference: {fileID: 0}
    - target: {fileID: 4506048527548634, guid: a9e6125ff77949848bea0437e94ab581, type: 3}
      propertyPath: m_LocalRotation.x
      value: -0
      objectReference: {fileID: 0}
    - target: {fileID: 4506048527548634, guid: a9e6125ff77949848bea0437e94ab581, type: 3}
      propertyPath: m_LocalRotation.y
      value: 0.7071068
      objectReference: {fileID: 0}
    - target: {fileID: 4506048527548634, guid: a9e6125ff77949848bea0437e94ab581, type: 3}
      propertyPath: m_LocalRotation.z
      value: -0
      objectReference: {fileID: 0}
    - target: {fileID: 4506048527548634, guid: a9e6125ff77949848bea0437e94ab581, type: 3}
      propertyPath: m_LocalRotation.w
      value: 0.7071068
      objectReference: {fileID: 0}
    - target: {fileID: 4506048527548634, guid: a9e6125ff77949848bea0437e94ab581, type: 3}
      propertyPath: m_RootOrder
      value: 5
      objectReference: {fileID: 0}
    - target: {fileID: 4506048527548634, guid: a9e6125ff77949848bea0437e94ab581, type: 3}
      propertyPath: m_LocalEulerAnglesHint.y
      value: 90
      objectReference: {fileID: 0}
    - target: {fileID: 4506048527548634, guid: a9e6125ff77949848bea0437e94ab581, type: 3}
      propertyPath: m_LocalEulerAnglesHint.z
      value: 0
      objectReference: {fileID: 0}
    - target: {fileID: 4506048527548634, guid: a9e6125ff77949848bea0437e94ab581, type: 3}
      propertyPath: m_LocalScale.x
      value: 2.600001
      objectReference: {fileID: 0}
    - target: {fileID: 4506048527548634, guid: a9e6125ff77949848bea0437e94ab581, type: 3}
      propertyPath: m_LocalScale.z
      value: 2.6000025
      objectReference: {fileID: 0}
    - target: {fileID: 4506048527548634, guid: a9e6125ff77949848bea0437e94ab581, type: 3}
      propertyPath: m_LocalScale.y
      value: 2.6
      objectReference: {fileID: 0}
    - target: {fileID: 1526794959960752, guid: a9e6125ff77949848bea0437e94ab581, type: 3}
      propertyPath: m_StaticEditorFlags
      value: 4294967295
      objectReference: {fileID: 0}
    - target: {fileID: 1519512815605456, guid: a9e6125ff77949848bea0437e94ab581, type: 3}
      propertyPath: m_StaticEditorFlags
      value: 4294967295
      objectReference: {fileID: 0}
    - target: {fileID: 1676829797694692, guid: a9e6125ff77949848bea0437e94ab581, type: 3}
      propertyPath: m_StaticEditorFlags
      value: 4294967295
      objectReference: {fileID: 0}
    m_RemovedComponents: []
  m_SourcePrefab: {fileID: 100100000, guid: a9e6125ff77949848bea0437e94ab581, type: 3}
--- !u!4 &3314553101700980850 stripped
Transform:
  m_CorrespondingSourceObject: {fileID: 4506048527548634, guid: a9e6125ff77949848bea0437e94ab581,
    type: 3}
  m_PrefabInstance: {fileID: 3310051469668720808}
  m_PrefabAsset: {fileID: 0}
--- !u!1001 &3310051469745674312
PrefabInstance:
  m_ObjectHideFlags: 0
  serializedVersion: 2
  m_Modification:
    m_TransformParent: {fileID: 3310051469559843852}
    m_Modifications:
    - target: {fileID: 1193933734259440, guid: 41745afc487cbd547b20a8e2bcf39adc, type: 3}
      propertyPath: m_Name
      value: Structure_01 (1)
      objectReference: {fileID: 0}
    - target: {fileID: 1193933734259440, guid: 41745afc487cbd547b20a8e2bcf39adc, type: 3}
      propertyPath: m_StaticEditorFlags
      value: 4294967295
      objectReference: {fileID: 0}
    - target: {fileID: 4504288472701440, guid: 41745afc487cbd547b20a8e2bcf39adc, type: 3}
      propertyPath: m_LocalPosition.x
      value: 46
      objectReference: {fileID: 0}
    - target: {fileID: 4504288472701440, guid: 41745afc487cbd547b20a8e2bcf39adc, type: 3}
      propertyPath: m_LocalPosition.y
      value: 16
      objectReference: {fileID: 0}
    - target: {fileID: 4504288472701440, guid: 41745afc487cbd547b20a8e2bcf39adc, type: 3}
      propertyPath: m_LocalPosition.z
      value: -12
      objectReference: {fileID: 0}
    - target: {fileID: 4504288472701440, guid: 41745afc487cbd547b20a8e2bcf39adc, type: 3}
      propertyPath: m_LocalRotation.x
      value: -0
      objectReference: {fileID: 0}
    - target: {fileID: 4504288472701440, guid: 41745afc487cbd547b20a8e2bcf39adc, type: 3}
      propertyPath: m_LocalRotation.y
      value: -0
      objectReference: {fileID: 0}
    - target: {fileID: 4504288472701440, guid: 41745afc487cbd547b20a8e2bcf39adc, type: 3}
      propertyPath: m_LocalRotation.z
      value: -0
      objectReference: {fileID: 0}
    - target: {fileID: 4504288472701440, guid: 41745afc487cbd547b20a8e2bcf39adc, type: 3}
      propertyPath: m_LocalRotation.w
      value: 1
      objectReference: {fileID: 0}
    - target: {fileID: 4504288472701440, guid: 41745afc487cbd547b20a8e2bcf39adc, type: 3}
      propertyPath: m_RootOrder
      value: 3
      objectReference: {fileID: 0}
    - target: {fileID: 4504288472701440, guid: 41745afc487cbd547b20a8e2bcf39adc, type: 3}
      propertyPath: m_LocalScale.x
      value: 2
      objectReference: {fileID: 0}
    - target: {fileID: 4504288472701440, guid: 41745afc487cbd547b20a8e2bcf39adc, type: 3}
      propertyPath: m_LocalScale.y
      value: 2
      objectReference: {fileID: 0}
    - target: {fileID: 4504288472701440, guid: 41745afc487cbd547b20a8e2bcf39adc, type: 3}
      propertyPath: m_LocalScale.z
      value: 2
      objectReference: {fileID: 0}
    - target: {fileID: 1572703782000152, guid: 41745afc487cbd547b20a8e2bcf39adc, type: 3}
      propertyPath: m_StaticEditorFlags
      value: 4294967295
      objectReference: {fileID: 0}
    - target: {fileID: 1585611441599458, guid: 41745afc487cbd547b20a8e2bcf39adc, type: 3}
      propertyPath: m_StaticEditorFlags
      value: 4294967295
      objectReference: {fileID: 0}
    - target: {fileID: 1624643634174978, guid: 41745afc487cbd547b20a8e2bcf39adc, type: 3}
      propertyPath: m_StaticEditorFlags
      value: 4294967295
      objectReference: {fileID: 0}
    - target: {fileID: 1371973734508820, guid: 41745afc487cbd547b20a8e2bcf39adc, type: 3}
      propertyPath: m_StaticEditorFlags
      value: 4294967295
      objectReference: {fileID: 0}
    m_RemovedComponents: []
  m_SourcePrefab: {fileID: 100100000, guid: 41745afc487cbd547b20a8e2bcf39adc, type: 3}
--- !u!4 &3314555757064798792 stripped
Transform:
  m_CorrespondingSourceObject: {fileID: 4504288472701440, guid: 41745afc487cbd547b20a8e2bcf39adc,
    type: 3}
  m_PrefabInstance: {fileID: 3310051469745674312}
  m_PrefabAsset: {fileID: 0}
--- !u!1001 &3310051469751472191
PrefabInstance:
  m_ObjectHideFlags: 0
  serializedVersion: 2
  m_Modification:
    m_TransformParent: {fileID: 3310051469559843852}
    m_Modifications:
    - target: {fileID: 1703752202082952, guid: a9e6125ff77949848bea0437e94ab581, type: 3}
      propertyPath: m_StaticEditorFlags
      value: 4294967295
      objectReference: {fileID: 0}
    - target: {fileID: 4506048527548634, guid: a9e6125ff77949848bea0437e94ab581, type: 3}
      propertyPath: m_LocalPosition.x
      value: -17
      objectReference: {fileID: 0}
    - target: {fileID: 4506048527548634, guid: a9e6125ff77949848bea0437e94ab581, type: 3}
      propertyPath: m_LocalPosition.y
      value: 16
      objectReference: {fileID: 0}
    - target: {fileID: 4506048527548634, guid: a9e6125ff77949848bea0437e94ab581, type: 3}
      propertyPath: m_LocalPosition.z
      value: -6.0000005
      objectReference: {fileID: 0}
    - target: {fileID: 4506048527548634, guid: a9e6125ff77949848bea0437e94ab581, type: 3}
      propertyPath: m_LocalRotation.x
      value: 0
      objectReference: {fileID: 0}
    - target: {fileID: 4506048527548634, guid: a9e6125ff77949848bea0437e94ab581, type: 3}
      propertyPath: m_LocalRotation.y
      value: 0.7071068
      objectReference: {fileID: 0}
    - target: {fileID: 4506048527548634, guid: a9e6125ff77949848bea0437e94ab581, type: 3}
      propertyPath: m_LocalRotation.z
      value: 0
      objectReference: {fileID: 0}
    - target: {fileID: 4506048527548634, guid: a9e6125ff77949848bea0437e94ab581, type: 3}
      propertyPath: m_LocalRotation.w
      value: 0.7071068
      objectReference: {fileID: 0}
    - target: {fileID: 4506048527548634, guid: a9e6125ff77949848bea0437e94ab581, type: 3}
      propertyPath: m_RootOrder
      value: 4
      objectReference: {fileID: 0}
    - target: {fileID: 4506048527548634, guid: a9e6125ff77949848bea0437e94ab581, type: 3}
      propertyPath: m_LocalEulerAnglesHint.y
      value: 90
      objectReference: {fileID: 0}
    - target: {fileID: 4506048527548634, guid: a9e6125ff77949848bea0437e94ab581, type: 3}
      propertyPath: m_LocalEulerAnglesHint.z
      value: 0
      objectReference: {fileID: 0}
    - target: {fileID: 4506048527548634, guid: a9e6125ff77949848bea0437e94ab581, type: 3}
      propertyPath: m_LocalScale.z
      value: 2.6000013
      objectReference: {fileID: 0}
    - target: {fileID: 4506048527548634, guid: a9e6125ff77949848bea0437e94ab581, type: 3}
      propertyPath: m_LocalScale.x
      value: 2.6
      objectReference: {fileID: 0}
    - target: {fileID: 4506048527548634, guid: a9e6125ff77949848bea0437e94ab581, type: 3}
      propertyPath: m_LocalScale.y
      value: 2.6
      objectReference: {fileID: 0}
    - target: {fileID: 1526794959960752, guid: a9e6125ff77949848bea0437e94ab581, type: 3}
      propertyPath: m_StaticEditorFlags
      value: 4294967295
      objectReference: {fileID: 0}
    - target: {fileID: 1519512815605456, guid: a9e6125ff77949848bea0437e94ab581, type: 3}
      propertyPath: m_StaticEditorFlags
      value: 4294967295
      objectReference: {fileID: 0}
    - target: {fileID: 1676829797694692, guid: a9e6125ff77949848bea0437e94ab581, type: 3}
      propertyPath: m_StaticEditorFlags
      value: 4294967295
      objectReference: {fileID: 0}
    m_RemovedComponents: []
  m_SourcePrefab: {fileID: 100100000, guid: a9e6125ff77949848bea0437e94ab581, type: 3}
--- !u!4 &3314553101684871397 stripped
Transform:
  m_CorrespondingSourceObject: {fileID: 4506048527548634, guid: a9e6125ff77949848bea0437e94ab581,
    type: 3}
  m_PrefabInstance: {fileID: 3310051469751472191}
  m_PrefabAsset: {fileID: 0}
--- !u!1001 &3310051469902614900
PrefabInstance:
  m_ObjectHideFlags: 0
  serializedVersion: 2
  m_Modification:
    m_TransformParent: {fileID: 3310051469559843852}
    m_Modifications:
    - target: {fileID: 1193933734259440, guid: 41745afc487cbd547b20a8e2bcf39adc, type: 3}
      propertyPath: m_StaticEditorFlags
      value: 4294967295
      objectReference: {fileID: 0}
    - target: {fileID: 4504288472701440, guid: 41745afc487cbd547b20a8e2bcf39adc, type: 3}
      propertyPath: m_LocalPosition.x
      value: 46
      objectReference: {fileID: 0}
    - target: {fileID: 4504288472701440, guid: 41745afc487cbd547b20a8e2bcf39adc, type: 3}
      propertyPath: m_LocalPosition.y
      value: 16
      objectReference: {fileID: 0}
    - target: {fileID: 4504288472701440, guid: 41745afc487cbd547b20a8e2bcf39adc, type: 3}
      propertyPath: m_LocalPosition.z
      value: 10
      objectReference: {fileID: 0}
    - target: {fileID: 4504288472701440, guid: 41745afc487cbd547b20a8e2bcf39adc, type: 3}
      propertyPath: m_LocalRotation.x
      value: 0
      objectReference: {fileID: 0}
    - target: {fileID: 4504288472701440, guid: 41745afc487cbd547b20a8e2bcf39adc, type: 3}
      propertyPath: m_LocalRotation.y
      value: 0
      objectReference: {fileID: 0}
    - target: {fileID: 4504288472701440, guid: 41745afc487cbd547b20a8e2bcf39adc, type: 3}
      propertyPath: m_LocalRotation.z
      value: 0
      objectReference: {fileID: 0}
    - target: {fileID: 4504288472701440, guid: 41745afc487cbd547b20a8e2bcf39adc, type: 3}
      propertyPath: m_LocalRotation.w
      value: 1
      objectReference: {fileID: 0}
    - target: {fileID: 4504288472701440, guid: 41745afc487cbd547b20a8e2bcf39adc, type: 3}
      propertyPath: m_RootOrder
      value: 2
      objectReference: {fileID: 0}
    - target: {fileID: 4504288472701440, guid: 41745afc487cbd547b20a8e2bcf39adc, type: 3}
      propertyPath: m_LocalScale.x
      value: 2
      objectReference: {fileID: 0}
    - target: {fileID: 4504288472701440, guid: 41745afc487cbd547b20a8e2bcf39adc, type: 3}
      propertyPath: m_LocalScale.y
      value: 2
      objectReference: {fileID: 0}
    - target: {fileID: 4504288472701440, guid: 41745afc487cbd547b20a8e2bcf39adc, type: 3}
      propertyPath: m_LocalScale.z
      value: 2
      objectReference: {fileID: 0}
    - target: {fileID: 1572703782000152, guid: 41745afc487cbd547b20a8e2bcf39adc, type: 3}
      propertyPath: m_StaticEditorFlags
      value: 4294967295
      objectReference: {fileID: 0}
    - target: {fileID: 1585611441599458, guid: 41745afc487cbd547b20a8e2bcf39adc, type: 3}
      propertyPath: m_StaticEditorFlags
      value: 4294967295
      objectReference: {fileID: 0}
    - target: {fileID: 1624643634174978, guid: 41745afc487cbd547b20a8e2bcf39adc, type: 3}
      propertyPath: m_StaticEditorFlags
      value: 4294967295
      objectReference: {fileID: 0}
    - target: {fileID: 1371973734508820, guid: 41745afc487cbd547b20a8e2bcf39adc, type: 3}
      propertyPath: m_StaticEditorFlags
      value: 4294967295
      objectReference: {fileID: 0}
    m_RemovedComponents: []
  m_SourcePrefab: {fileID: 100100000, guid: 41745afc487cbd547b20a8e2bcf39adc, type: 3}
--- !u!4 &3314555756152327028 stripped
Transform:
  m_CorrespondingSourceObject: {fileID: 4504288472701440, guid: 41745afc487cbd547b20a8e2bcf39adc,
    type: 3}
  m_PrefabInstance: {fileID: 3310051469902614900}
  m_PrefabAsset: {fileID: 0}
--- !u!1001 &3310051469911314735
PrefabInstance:
  m_ObjectHideFlags: 0
  serializedVersion: 2
  m_Modification:
    m_TransformParent: {fileID: 3310051469559843852}
    m_Modifications:
    - target: {fileID: 1703752202082952, guid: a9e6125ff77949848bea0437e94ab581, type: 3}
      propertyPath: m_StaticEditorFlags
      value: 4294967295
      objectReference: {fileID: 0}
    - target: {fileID: 4506048527548634, guid: a9e6125ff77949848bea0437e94ab581, type: 3}
      propertyPath: m_LocalPosition.x
      value: 29
      objectReference: {fileID: 0}
    - target: {fileID: 4506048527548634, guid: a9e6125ff77949848bea0437e94ab581, type: 3}
      propertyPath: m_LocalPosition.y
      value: 16
      objectReference: {fileID: 0}
    - target: {fileID: 4506048527548634, guid: a9e6125ff77949848bea0437e94ab581, type: 3}
      propertyPath: m_LocalPosition.z
      value: -6.0000005
      objectReference: {fileID: 0}
    - target: {fileID: 4506048527548634, guid: a9e6125ff77949848bea0437e94ab581, type: 3}
      propertyPath: m_LocalRotation.x
      value: -0
      objectReference: {fileID: 0}
    - target: {fileID: 4506048527548634, guid: a9e6125ff77949848bea0437e94ab581, type: 3}
      propertyPath: m_LocalRotation.y
      value: 0.7071068
      objectReference: {fileID: 0}
    - target: {fileID: 4506048527548634, guid: a9e6125ff77949848bea0437e94ab581, type: 3}
      propertyPath: m_LocalRotation.z
      value: -0
      objectReference: {fileID: 0}
    - target: {fileID: 4506048527548634, guid: a9e6125ff77949848bea0437e94ab581, type: 3}
      propertyPath: m_LocalRotation.w
      value: 0.7071068
      objectReference: {fileID: 0}
    - target: {fileID: 4506048527548634, guid: a9e6125ff77949848bea0437e94ab581, type: 3}
      propertyPath: m_RootOrder
      value: 7
      objectReference: {fileID: 0}
    - target: {fileID: 4506048527548634, guid: a9e6125ff77949848bea0437e94ab581, type: 3}
      propertyPath: m_LocalEulerAnglesHint.y
      value: 90
      objectReference: {fileID: 0}
    - target: {fileID: 4506048527548634, guid: a9e6125ff77949848bea0437e94ab581, type: 3}
      propertyPath: m_LocalEulerAnglesHint.z
      value: 0
      objectReference: {fileID: 0}
    - target: {fileID: 4506048527548634, guid: a9e6125ff77949848bea0437e94ab581, type: 3}
      propertyPath: m_LocalScale.z
      value: 2.6000009
      objectReference: {fileID: 0}
    - target: {fileID: 4506048527548634, guid: a9e6125ff77949848bea0437e94ab581, type: 3}
      propertyPath: m_LocalScale.x
      value: 2.6000009
      objectReference: {fileID: 0}
    - target: {fileID: 4506048527548634, guid: a9e6125ff77949848bea0437e94ab581, type: 3}
      propertyPath: m_LocalScale.y
      value: 2.6
      objectReference: {fileID: 0}
    - target: {fileID: 1526794959960752, guid: a9e6125ff77949848bea0437e94ab581, type: 3}
      propertyPath: m_StaticEditorFlags
      value: 4294967295
      objectReference: {fileID: 0}
    - target: {fileID: 1519512815605456, guid: a9e6125ff77949848bea0437e94ab581, type: 3}
      propertyPath: m_StaticEditorFlags
      value: 4294967295
      objectReference: {fileID: 0}
    - target: {fileID: 1676829797694692, guid: a9e6125ff77949848bea0437e94ab581, type: 3}
      propertyPath: m_StaticEditorFlags
      value: 4294967295
      objectReference: {fileID: 0}
    m_RemovedComponents: []
  m_SourcePrefab: {fileID: 100100000, guid: a9e6125ff77949848bea0437e94ab581, type: 3}
--- !u!4 &3314553103067484661 stripped
Transform:
  m_CorrespondingSourceObject: {fileID: 4506048527548634, guid: a9e6125ff77949848bea0437e94ab581,
    type: 3}
  m_PrefabInstance: {fileID: 3310051469911314735}
  m_PrefabAsset: {fileID: 0}
--- !u!1001 &3310051470064966765
PrefabInstance:
  m_ObjectHideFlags: 0
  serializedVersion: 2
  m_Modification:
    m_TransformParent: {fileID: 3314363734483434881}
    m_Modifications:
    - target: {fileID: 1315516300902350, guid: 7e9a87b6cd34f204cba63c97a15d0d4e, type: 3}
      propertyPath: m_StaticEditorFlags
      value: 4294967295
      objectReference: {fileID: 0}
    - target: {fileID: 4540591517898940, guid: 7e9a87b6cd34f204cba63c97a15d0d4e, type: 3}
      propertyPath: m_LocalPosition.x
      value: 0
      objectReference: {fileID: 0}
    - target: {fileID: 4540591517898940, guid: 7e9a87b6cd34f204cba63c97a15d0d4e, type: 3}
      propertyPath: m_LocalPosition.y
      value: 4
      objectReference: {fileID: 0}
    - target: {fileID: 4540591517898940, guid: 7e9a87b6cd34f204cba63c97a15d0d4e, type: 3}
      propertyPath: m_LocalPosition.z
      value: -0
      objectReference: {fileID: 0}
    - target: {fileID: 4540591517898940, guid: 7e9a87b6cd34f204cba63c97a15d0d4e, type: 3}
      propertyPath: m_LocalRotation.x
      value: 0
      objectReference: {fileID: 0}
    - target: {fileID: 4540591517898940, guid: 7e9a87b6cd34f204cba63c97a15d0d4e, type: 3}
      propertyPath: m_LocalRotation.y
      value: -0.53206366
      objectReference: {fileID: 0}
    - target: {fileID: 4540591517898940, guid: 7e9a87b6cd34f204cba63c97a15d0d4e, type: 3}
      propertyPath: m_LocalRotation.z
      value: 0
      objectReference: {fileID: 0}
    - target: {fileID: 4540591517898940, guid: 7e9a87b6cd34f204cba63c97a15d0d4e, type: 3}
      propertyPath: m_LocalRotation.w
      value: 0.84670436
      objectReference: {fileID: 0}
    - target: {fileID: 4540591517898940, guid: 7e9a87b6cd34f204cba63c97a15d0d4e, type: 3}
      propertyPath: m_RootOrder
      value: 6
      objectReference: {fileID: 0}
    - target: {fileID: 4540591517898940, guid: 7e9a87b6cd34f204cba63c97a15d0d4e, type: 3}
      propertyPath: m_LocalEulerAnglesHint.y
      value: -64.29
      objectReference: {fileID: 0}
    - target: {fileID: 1427149479105418, guid: 7e9a87b6cd34f204cba63c97a15d0d4e, type: 3}
      propertyPath: m_StaticEditorFlags
      value: 4294967295
      objectReference: {fileID: 0}
    - target: {fileID: 1240993572185014, guid: 7e9a87b6cd34f204cba63c97a15d0d4e, type: 3}
      propertyPath: m_StaticEditorFlags
      value: 4294967295
      objectReference: {fileID: 0}
    - target: {fileID: 1841998121318682, guid: 7e9a87b6cd34f204cba63c97a15d0d4e, type: 3}
      propertyPath: m_StaticEditorFlags
      value: 4294967295
      objectReference: {fileID: 0}
    - target: {fileID: 1984857658012576, guid: 7e9a87b6cd34f204cba63c97a15d0d4e, type: 3}
      propertyPath: m_StaticEditorFlags
      value: 4294967295
      objectReference: {fileID: 0}
    m_RemovedComponents: []
  m_SourcePrefab: {fileID: 100100000, guid: 7e9a87b6cd34f204cba63c97a15d0d4e, type: 3}
--- !u!1001 &3310051470336938825
PrefabInstance:
  m_ObjectHideFlags: 0
  serializedVersion: 2
  m_Modification:
    m_TransformParent: {fileID: 3310051470226903145}
    m_Modifications:
    - target: {fileID: 1251888372354826, guid: 11fb4fb694970264492b749b51071854, type: 3}
      propertyPath: m_StaticEditorFlags
      value: 4294967295
      objectReference: {fileID: 0}
    - target: {fileID: 4507159384963642, guid: 11fb4fb694970264492b749b51071854, type: 3}
      propertyPath: m_LocalPosition.x
      value: 0
      objectReference: {fileID: 0}
    - target: {fileID: 4507159384963642, guid: 11fb4fb694970264492b749b51071854, type: 3}
      propertyPath: m_LocalPosition.y
      value: -16
      objectReference: {fileID: 0}
    - target: {fileID: 4507159384963642, guid: 11fb4fb694970264492b749b51071854, type: 3}
      propertyPath: m_LocalPosition.z
      value: 0
      objectReference: {fileID: 0}
    - target: {fileID: 4507159384963642, guid: 11fb4fb694970264492b749b51071854, type: 3}
      propertyPath: m_LocalRotation.x
      value: -0
      objectReference: {fileID: 0}
    - target: {fileID: 4507159384963642, guid: 11fb4fb694970264492b749b51071854, type: 3}
      propertyPath: m_LocalRotation.y
      value: -0
      objectReference: {fileID: 0}
    - target: {fileID: 4507159384963642, guid: 11fb4fb694970264492b749b51071854, type: 3}
      propertyPath: m_LocalRotation.z
      value: -0
      objectReference: {fileID: 0}
    - target: {fileID: 4507159384963642, guid: 11fb4fb694970264492b749b51071854, type: 3}
      propertyPath: m_LocalRotation.w
      value: 1
      objectReference: {fileID: 0}
    - target: {fileID: 4507159384963642, guid: 11fb4fb694970264492b749b51071854, type: 3}
      propertyPath: m_RootOrder
      value: 0
      objectReference: {fileID: 0}
    - target: {fileID: 4507159384963642, guid: 11fb4fb694970264492b749b51071854, type: 3}
      propertyPath: m_LocalScale.x
      value: 2
      objectReference: {fileID: 0}
    - target: {fileID: 4507159384963642, guid: 11fb4fb694970264492b749b51071854, type: 3}
      propertyPath: m_LocalScale.y
      value: 2
      objectReference: {fileID: 0}
    - target: {fileID: 4507159384963642, guid: 11fb4fb694970264492b749b51071854, type: 3}
      propertyPath: m_LocalScale.z
      value: 2
      objectReference: {fileID: 0}
    - target: {fileID: 1196170108701648, guid: 11fb4fb694970264492b749b51071854, type: 3}
      propertyPath: m_StaticEditorFlags
      value: 4294967295
      objectReference: {fileID: 0}
    - target: {fileID: 23614580587877274, guid: 11fb4fb694970264492b749b51071854,
        type: 3}
      propertyPath: m_Materials.Array.data[0]
      value: 
      objectReference: {fileID: 2100000, guid: bdd285758b5d578419bec754c1f1fcd4, type: 2}
    m_RemovedComponents: []
  m_SourcePrefab: {fileID: 100100000, guid: 11fb4fb694970264492b749b51071854, type: 3}
--- !u!4 &3314554194629192051 stripped
Transform:
  m_CorrespondingSourceObject: {fileID: 4507159384963642, guid: 11fb4fb694970264492b749b51071854,
    type: 3}
  m_PrefabInstance: {fileID: 3310051470336938825}
  m_PrefabAsset: {fileID: 0}
--- !u!1001 &3310051470406373337
PrefabInstance:
  m_ObjectHideFlags: 0
  serializedVersion: 2
  m_Modification:
    m_TransformParent: {fileID: 3310051469559843852}
    m_Modifications:
    - target: {fileID: 1703752202082952, guid: a9e6125ff77949848bea0437e94ab581, type: 3}
      propertyPath: m_Name
      value: Detail_04 (2)
      objectReference: {fileID: 0}
    - target: {fileID: 1703752202082952, guid: a9e6125ff77949848bea0437e94ab581, type: 3}
      propertyPath: m_StaticEditorFlags
      value: 4294967295
      objectReference: {fileID: 0}
    - target: {fileID: 4506048527548634, guid: a9e6125ff77949848bea0437e94ab581, type: 3}
      propertyPath: m_LocalPosition.x
      value: 29
      objectReference: {fileID: 0}
    - target: {fileID: 4506048527548634, guid: a9e6125ff77949848bea0437e94ab581, type: 3}
      propertyPath: m_LocalPosition.y
      value: 16
      objectReference: {fileID: 0}
    - target: {fileID: 4506048527548634, guid: a9e6125ff77949848bea0437e94ab581, type: 3}
      propertyPath: m_LocalPosition.z
      value: 4.9999995
      objectReference: {fileID: 0}
    - target: {fileID: 4506048527548634, guid: a9e6125ff77949848bea0437e94ab581, type: 3}
      propertyPath: m_LocalRotation.x
      value: -0
      objectReference: {fileID: 0}
    - target: {fileID: 4506048527548634, guid: a9e6125ff77949848bea0437e94ab581, type: 3}
      propertyPath: m_LocalRotation.y
      value: 0.7071068
      objectReference: {fileID: 0}
    - target: {fileID: 4506048527548634, guid: a9e6125ff77949848bea0437e94ab581, type: 3}
      propertyPath: m_LocalRotation.z
      value: -0
      objectReference: {fileID: 0}
    - target: {fileID: 4506048527548634, guid: a9e6125ff77949848bea0437e94ab581, type: 3}
      propertyPath: m_LocalRotation.w
      value: 0.7071068
      objectReference: {fileID: 0}
    - target: {fileID: 4506048527548634, guid: a9e6125ff77949848bea0437e94ab581, type: 3}
      propertyPath: m_RootOrder
      value: 9
      objectReference: {fileID: 0}
    - target: {fileID: 4506048527548634, guid: a9e6125ff77949848bea0437e94ab581, type: 3}
      propertyPath: m_LocalEulerAnglesHint.y
      value: 90
      objectReference: {fileID: 0}
    - target: {fileID: 4506048527548634, guid: a9e6125ff77949848bea0437e94ab581, type: 3}
      propertyPath: m_LocalEulerAnglesHint.z
      value: 0
      objectReference: {fileID: 0}
    - target: {fileID: 4506048527548634, guid: a9e6125ff77949848bea0437e94ab581, type: 3}
      propertyPath: m_LocalScale.x
      value: 2.6000009
      objectReference: {fileID: 0}
    - target: {fileID: 4506048527548634, guid: a9e6125ff77949848bea0437e94ab581, type: 3}
      propertyPath: m_LocalScale.z
      value: 2.6000009
      objectReference: {fileID: 0}
    - target: {fileID: 4506048527548634, guid: a9e6125ff77949848bea0437e94ab581, type: 3}
      propertyPath: m_LocalScale.y
      value: 2.6
      objectReference: {fileID: 0}
    - target: {fileID: 1526794959960752, guid: a9e6125ff77949848bea0437e94ab581, type: 3}
      propertyPath: m_StaticEditorFlags
      value: 4294967295
      objectReference: {fileID: 0}
    - target: {fileID: 1519512815605456, guid: a9e6125ff77949848bea0437e94ab581, type: 3}
      propertyPath: m_StaticEditorFlags
      value: 4294967295
      objectReference: {fileID: 0}
    - target: {fileID: 1676829797694692, guid: a9e6125ff77949848bea0437e94ab581, type: 3}
      propertyPath: m_StaticEditorFlags
      value: 4294967295
      objectReference: {fileID: 0}
    m_RemovedComponents: []
  m_SourcePrefab: {fileID: 100100000, guid: a9e6125ff77949848bea0437e94ab581, type: 3}
--- !u!4 &3314553102572949251 stripped
Transform:
  m_CorrespondingSourceObject: {fileID: 4506048527548634, guid: a9e6125ff77949848bea0437e94ab581,
    type: 3}
  m_PrefabInstance: {fileID: 3310051470406373337}
  m_PrefabAsset: {fileID: 0}
--- !u!1001 &3310051470518491580
PrefabInstance:
  m_ObjectHideFlags: 0
  serializedVersion: 2
  m_Modification:
    m_TransformParent: {fileID: 3310051469559843852}
    m_Modifications:
    - target: {fileID: 1522087621922928, guid: b446afda54a394342ae6d2caf6ac6bb1, type: 3}
      propertyPath: m_StaticEditorFlags
      value: 4294967295
      objectReference: {fileID: 0}
    - target: {fileID: 4879666455689212, guid: b446afda54a394342ae6d2caf6ac6bb1, type: 3}
      propertyPath: m_LocalPosition.x
      value: -39
      objectReference: {fileID: 0}
    - target: {fileID: 4879666455689212, guid: b446afda54a394342ae6d2caf6ac6bb1, type: 3}
      propertyPath: m_LocalPosition.y
      value: 16
      objectReference: {fileID: 0}
    - target: {fileID: 4879666455689212, guid: b446afda54a394342ae6d2caf6ac6bb1, type: 3}
      propertyPath: m_LocalPosition.z
      value: 0
      objectReference: {fileID: 0}
    - target: {fileID: 4879666455689212, guid: b446afda54a394342ae6d2caf6ac6bb1, type: 3}
      propertyPath: m_LocalRotation.x
      value: -0
      objectReference: {fileID: 0}
    - target: {fileID: 4879666455689212, guid: b446afda54a394342ae6d2caf6ac6bb1, type: 3}
      propertyPath: m_LocalRotation.y
      value: -0
      objectReference: {fileID: 0}
    - target: {fileID: 4879666455689212, guid: b446afda54a394342ae6d2caf6ac6bb1, type: 3}
      propertyPath: m_LocalRotation.z
      value: -0
      objectReference: {fileID: 0}
    - target: {fileID: 4879666455689212, guid: b446afda54a394342ae6d2caf6ac6bb1, type: 3}
      propertyPath: m_LocalRotation.w
      value: 1
      objectReference: {fileID: 0}
    - target: {fileID: 4879666455689212, guid: b446afda54a394342ae6d2caf6ac6bb1, type: 3}
      propertyPath: m_RootOrder
      value: 0
      objectReference: {fileID: 0}
    - target: {fileID: 4879666455689212, guid: b446afda54a394342ae6d2caf6ac6bb1, type: 3}
      propertyPath: m_LocalScale.x
      value: 2
      objectReference: {fileID: 0}
    - target: {fileID: 4879666455689212, guid: b446afda54a394342ae6d2caf6ac6bb1, type: 3}
      propertyPath: m_LocalScale.y
      value: 2
      objectReference: {fileID: 0}
    - target: {fileID: 4879666455689212, guid: b446afda54a394342ae6d2caf6ac6bb1, type: 3}
      propertyPath: m_LocalScale.z
      value: 2
      objectReference: {fileID: 0}
    - target: {fileID: 1992799576481542, guid: b446afda54a394342ae6d2caf6ac6bb1, type: 3}
      propertyPath: m_StaticEditorFlags
      value: 4294967295
      objectReference: {fileID: 0}
    - target: {fileID: 1992799576481542, guid: b446afda54a394342ae6d2caf6ac6bb1, type: 3}
      propertyPath: m_IsActive
      value: 1
      objectReference: {fileID: 0}
    - target: {fileID: 1992799576481542, guid: b446afda54a394342ae6d2caf6ac6bb1, type: 3}
      propertyPath: m_TagString
      value: Emission
      objectReference: {fileID: 0}
    - target: {fileID: 1991738108033766, guid: b446afda54a394342ae6d2caf6ac6bb1, type: 3}
      propertyPath: m_StaticEditorFlags
      value: 4294967295
      objectReference: {fileID: 0}
    - target: {fileID: 1163190881926382, guid: b446afda54a394342ae6d2caf6ac6bb1, type: 3}
      propertyPath: m_StaticEditorFlags
      value: 4294967295
      objectReference: {fileID: 0}
    - target: {fileID: 1974127358410992, guid: b446afda54a394342ae6d2caf6ac6bb1, type: 3}
      propertyPath: m_StaticEditorFlags
      value: 4294967295
      objectReference: {fileID: 0}
    - target: {fileID: 1177591221353538, guid: b446afda54a394342ae6d2caf6ac6bb1, type: 3}
      propertyPath: m_StaticEditorFlags
      value: 4294967295
      objectReference: {fileID: 0}
    - target: {fileID: 1976841411272298, guid: b446afda54a394342ae6d2caf6ac6bb1, type: 3}
      propertyPath: m_StaticEditorFlags
      value: 4294967295
      objectReference: {fileID: 0}
    m_RemovedComponents: []
  m_SourcePrefab: {fileID: 100100000, guid: b446afda54a394342ae6d2caf6ac6bb1, type: 3}
--- !u!4 &3314363734196301376 stripped
Transform:
  m_CorrespondingSourceObject: {fileID: 4879666455689212, guid: b446afda54a394342ae6d2caf6ac6bb1,
    type: 3}
  m_PrefabInstance: {fileID: 3310051470518491580}
  m_PrefabAsset: {fileID: 0}
--- !u!1001 &3310051470706334197
PrefabInstance:
  m_ObjectHideFlags: 0
  serializedVersion: 2
  m_Modification:
    m_TransformParent: {fileID: 3310051469559843852}
    m_Modifications:
    - target: {fileID: 1703752202082952, guid: a9e6125ff77949848bea0437e94ab581, type: 3}
      propertyPath: m_Name
      value: Detail_04 (1)
      objectReference: {fileID: 0}
    - target: {fileID: 1703752202082952, guid: a9e6125ff77949848bea0437e94ab581, type: 3}
      propertyPath: m_StaticEditorFlags
      value: 4294967295
      objectReference: {fileID: 0}
    - target: {fileID: 4506048527548634, guid: a9e6125ff77949848bea0437e94ab581, type: 3}
      propertyPath: m_LocalPosition.x
      value: 29
      objectReference: {fileID: 0}
    - target: {fileID: 4506048527548634, guid: a9e6125ff77949848bea0437e94ab581, type: 3}
      propertyPath: m_LocalPosition.y
      value: 16
      objectReference: {fileID: 0}
    - target: {fileID: 4506048527548634, guid: a9e6125ff77949848bea0437e94ab581, type: 3}
      propertyPath: m_LocalPosition.z
      value: -0.0000006993822
      objectReference: {fileID: 0}
    - target: {fileID: 4506048527548634, guid: a9e6125ff77949848bea0437e94ab581, type: 3}
      propertyPath: m_LocalRotation.x
      value: -0
      objectReference: {fileID: 0}
    - target: {fileID: 4506048527548634, guid: a9e6125ff77949848bea0437e94ab581, type: 3}
      propertyPath: m_LocalRotation.y
      value: 0.7071068
      objectReference: {fileID: 0}
    - target: {fileID: 4506048527548634, guid: a9e6125ff77949848bea0437e94ab581, type: 3}
      propertyPath: m_LocalRotation.z
      value: -0
      objectReference: {fileID: 0}
    - target: {fileID: 4506048527548634, guid: a9e6125ff77949848bea0437e94ab581, type: 3}
      propertyPath: m_LocalRotation.w
      value: 0.7071068
      objectReference: {fileID: 0}
    - target: {fileID: 4506048527548634, guid: a9e6125ff77949848bea0437e94ab581, type: 3}
      propertyPath: m_RootOrder
      value: 8
      objectReference: {fileID: 0}
    - target: {fileID: 4506048527548634, guid: a9e6125ff77949848bea0437e94ab581, type: 3}
      propertyPath: m_LocalEulerAnglesHint.y
      value: 90
      objectReference: {fileID: 0}
    - target: {fileID: 4506048527548634, guid: a9e6125ff77949848bea0437e94ab581, type: 3}
      propertyPath: m_LocalEulerAnglesHint.z
      value: 0
      objectReference: {fileID: 0}
    - target: {fileID: 4506048527548634, guid: a9e6125ff77949848bea0437e94ab581, type: 3}
      propertyPath: m_LocalScale.x
      value: 2.6000009
      objectReference: {fileID: 0}
    - target: {fileID: 4506048527548634, guid: a9e6125ff77949848bea0437e94ab581, type: 3}
      propertyPath: m_LocalScale.z
      value: 2.6000009
      objectReference: {fileID: 0}
    - target: {fileID: 4506048527548634, guid: a9e6125ff77949848bea0437e94ab581, type: 3}
      propertyPath: m_LocalScale.y
      value: 2.6
      objectReference: {fileID: 0}
    - target: {fileID: 1526794959960752, guid: a9e6125ff77949848bea0437e94ab581, type: 3}
      propertyPath: m_StaticEditorFlags
      value: 4294967295
      objectReference: {fileID: 0}
    - target: {fileID: 1519512815605456, guid: a9e6125ff77949848bea0437e94ab581, type: 3}
      propertyPath: m_StaticEditorFlags
      value: 4294967295
      objectReference: {fileID: 0}
    - target: {fileID: 1676829797694692, guid: a9e6125ff77949848bea0437e94ab581, type: 3}
      propertyPath: m_StaticEditorFlags
      value: 4294967295
      objectReference: {fileID: 0}
    m_RemovedComponents: []
  m_SourcePrefab: {fileID: 100100000, guid: a9e6125ff77949848bea0437e94ab581, type: 3}
--- !u!4 &3314553102881167663 stripped
Transform:
  m_CorrespondingSourceObject: {fileID: 4506048527548634, guid: a9e6125ff77949848bea0437e94ab581,
    type: 3}
  m_PrefabInstance: {fileID: 3310051470706334197}
  m_PrefabAsset: {fileID: 0}
--- !u!1001 &3310051470843628157
PrefabInstance:
  m_ObjectHideFlags: 0
  serializedVersion: 2
  m_Modification:
    m_TransformParent: {fileID: 3310051469559843852}
    m_Modifications:
    - target: {fileID: 1522087621922928, guid: b446afda54a394342ae6d2caf6ac6bb1, type: 3}
      propertyPath: m_Name
      value: Structure_06 (1)
      objectReference: {fileID: 0}
    - target: {fileID: 1522087621922928, guid: b446afda54a394342ae6d2caf6ac6bb1, type: 3}
      propertyPath: m_StaticEditorFlags
      value: 4294967295
      objectReference: {fileID: 0}
    - target: {fileID: 4879666455689212, guid: b446afda54a394342ae6d2caf6ac6bb1, type: 3}
      propertyPath: m_LocalPosition.x
      value: 6
      objectReference: {fileID: 0}
    - target: {fileID: 4879666455689212, guid: b446afda54a394342ae6d2caf6ac6bb1, type: 3}
      propertyPath: m_LocalPosition.y
      value: 16
      objectReference: {fileID: 0}
    - target: {fileID: 4879666455689212, guid: b446afda54a394342ae6d2caf6ac6bb1, type: 3}
      propertyPath: m_LocalPosition.z
      value: -0.0000006993822
      objectReference: {fileID: 0}
    - target: {fileID: 4879666455689212, guid: b446afda54a394342ae6d2caf6ac6bb1, type: 3}
      propertyPath: m_LocalRotation.x
      value: -0
      objectReference: {fileID: 0}
    - target: {fileID: 4879666455689212, guid: b446afda54a394342ae6d2caf6ac6bb1, type: 3}
      propertyPath: m_LocalRotation.y
      value: -0
      objectReference: {fileID: 0}
    - target: {fileID: 4879666455689212, guid: b446afda54a394342ae6d2caf6ac6bb1, type: 3}
      propertyPath: m_LocalRotation.z
      value: -0
      objectReference: {fileID: 0}
    - target: {fileID: 4879666455689212, guid: b446afda54a394342ae6d2caf6ac6bb1, type: 3}
      propertyPath: m_LocalRotation.w
      value: 1
      objectReference: {fileID: 0}
    - target: {fileID: 4879666455689212, guid: b446afda54a394342ae6d2caf6ac6bb1, type: 3}
      propertyPath: m_RootOrder
      value: 1
      objectReference: {fileID: 0}
    - target: {fileID: 4879666455689212, guid: b446afda54a394342ae6d2caf6ac6bb1, type: 3}
      propertyPath: m_LocalScale.x
      value: 2
      objectReference: {fileID: 0}
    - target: {fileID: 4879666455689212, guid: b446afda54a394342ae6d2caf6ac6bb1, type: 3}
      propertyPath: m_LocalScale.y
      value: 2
      objectReference: {fileID: 0}
    - target: {fileID: 4879666455689212, guid: b446afda54a394342ae6d2caf6ac6bb1, type: 3}
      propertyPath: m_LocalScale.z
      value: 2
      objectReference: {fileID: 0}
    - target: {fileID: 1992799576481542, guid: b446afda54a394342ae6d2caf6ac6bb1, type: 3}
      propertyPath: m_StaticEditorFlags
      value: 4294967295
      objectReference: {fileID: 0}
    - target: {fileID: 1992799576481542, guid: b446afda54a394342ae6d2caf6ac6bb1, type: 3}
      propertyPath: m_IsActive
      value: 1
      objectReference: {fileID: 0}
    - target: {fileID: 1992799576481542, guid: b446afda54a394342ae6d2caf6ac6bb1, type: 3}
      propertyPath: m_TagString
      value: Emission
      objectReference: {fileID: 0}
    - target: {fileID: 1991738108033766, guid: b446afda54a394342ae6d2caf6ac6bb1, type: 3}
      propertyPath: m_StaticEditorFlags
      value: 4294967295
      objectReference: {fileID: 0}
    - target: {fileID: 1163190881926382, guid: b446afda54a394342ae6d2caf6ac6bb1, type: 3}
      propertyPath: m_StaticEditorFlags
      value: 4294967295
      objectReference: {fileID: 0}
    - target: {fileID: 1974127358410992, guid: b446afda54a394342ae6d2caf6ac6bb1, type: 3}
      propertyPath: m_StaticEditorFlags
      value: 4294967295
      objectReference: {fileID: 0}
    - target: {fileID: 1177591221353538, guid: b446afda54a394342ae6d2caf6ac6bb1, type: 3}
      propertyPath: m_StaticEditorFlags
      value: 4294967295
      objectReference: {fileID: 0}
    - target: {fileID: 1976841411272298, guid: b446afda54a394342ae6d2caf6ac6bb1, type: 3}
      propertyPath: m_StaticEditorFlags
      value: 4294967295
      objectReference: {fileID: 0}
    m_RemovedComponents: []
  m_SourcePrefab: {fileID: 100100000, guid: b446afda54a394342ae6d2caf6ac6bb1, type: 3}
--- !u!4 &3314363734483434881 stripped
Transform:
  m_CorrespondingSourceObject: {fileID: 4879666455689212, guid: b446afda54a394342ae6d2caf6ac6bb1,
    type: 3}
  m_PrefabInstance: {fileID: 3310051470843628157}
  m_PrefabAsset: {fileID: 0}
